3036 4868
536 337 634 405 xxvi,
654 337 834 405 ea-xxvu,
854 343 911 397 ιιι,
1266 341 1308 406 57

130 528 207 573 oum
229 511 398 582 hominum,
428 511 459 572 id
482 519 528 573 est
549 513 728 590 sapientium
750 546 791 556 -
814 511 851 572 de
873 511 929 572 hac
952 511 1018 572 dico
1041 512 1200 591 sapientia,
1230 531 1307 592 quaa

134 596 256 657 uidetur
283 597 314 658 in
343 596 495 657 hominem
523 596 630 658 cadere
658 614 746 676 posse
768 630 825 666 —·‚
856 596 892 656 ad
915 595 995 657 leves
1017 597 1162 658 amicitias
1185 595 1307 659 defluxit

137 681 244 742 oratio.
289 677 384 750 Quam
408 678 446 740 oh
469 697 534 742 rem
557 680 594 741 ad
616 679 665 741 illa
687 681 784 759 prima
807 679 964 742 redeamus
987 697 1080 759 eaque
1103 681 1166 759 ipsa
1184 681 1306 742 conclu·

130 764 244 826 xdamus
266 763 434 842 aliquando.

225 863 339 926 xxvxi.
377 865 491 935 VirtuS,
514 867 620 935 virtus,
645 865 782 942 inquam,
806 865 837 926 C.
855 864 964 941 Fanni,
989 873 1017 925 et
1040 873 1087 938 tu,
1110 860 1145 932 Q.
1161 862 1254 934 Muci,
1279 872 1308 926 et

131 947 279 1011 conciliat
302 950 445 1010 amicitias
468 956 496 1010 et
518 957 683 1013 conservat.
713 950 745 1010 ln
763 968 798 1010 ea
816 956 862 1009 est
877 949 957 1009 enim
972 948 1178 1009 convenientia
1194 965 1306 1020 rerum,

139 1033 170 1092 in
186 1051 220 1094 ea
236 1032 389 1107 stabilitas,
404 1033 434 1092 in
452 1052 485 1094 ea
502 1034 679 1094 constantia:
697 1050 773 1114 quae
789 1051 856 1094 cum
872 1051 905 1094 se
921 1031 1024 1094 extulit
1035 1039 1065 1094 et
1081 1032 1209 1094 ostendit
1220 1051 1306 1111 suum

138 1115 246 1177 lumen
268 1126 298 1179 et
319 1117 398 1179 idem
420 1118 535 1196 aspexit
557 1118 733 1195 agnovitque
755 1118 785 1178 in
809 1118 876 1187 alic,
898 1117 935 1177 ad
957 1116 986 1177 id
1010 1135 1043 1180 se
1066 1117 1202 1177 admovet
1222 1117 1309 1178 vicis·

138 1201 256 1278 simque
283 1202 391 1280 accipit
418 1198 510 1272 illud,
538 1203 617 1279 quod
646 1203 675 1261 in
703 1200 797 1263 altero
825 1208 883 1271 est,
912 1220 948 1262 ex
978 1219 1036 1280 quo
1060 1201 1225 1262 exardescit
1246 1203 1308 1263 sive

140 1302 224 1345 amor
247 1287 309 1346 sire
332 1285 483 1348 amicitia..
500 1287 665 1364 Utrumque
688 1286 767 1348 enim
791 1286 911 1346 ductum
926 1291 972 1346 est
986 1285 1023 1344 ab
1039 1285 1181 1353 amando;
1205 1303 1307 1346 amare

139 1377 239 1430 autem
262 1367 335 1429 nihil
359 1377 404 1431 est
425 1368 506 1430 aliud
528 1370 586 1431 nisi
609 1389 677 1431 eum
692 1371 790 1449 ipsum
806 1369 930 1447 diligere
945 1386 1033 1446 quem
1050 1387 1140 1438 ames,
1164 1368 1243 1429 nulla
1259 1371 1302 1428 in·

133 1451 284 1530 digentia,
312 1453 393 1514 nulla
422 1455 549 1516 utilitate
576 1455 723 1532 quaesita:
754 1472 829 1535 quae
857 1463 955 1534 tamen
983 1455 1047 1532 ipsa
1077 1452 1243 1514 ecflorescit
1271 1472 1307 1514 ex

140 1538 277 1605 amicitia,
302 1539 389 1599 etiam
412 1540 438 1599 si
460 1546 491 1600 tu
514 1556 577 1600 eam
601 1539 699 1600 minus
722 1548 842 1600 secutus
864 1540 915 1603 sis.
944 1539 1006 1598 Hac
1029 1555 1085 1600 nos
1100 1536 1306 1600 adulescentes
1320 1537 1377 1599 tut

138 1619 345 1684 benevolentia
368 1641 457 1684 senes
478 1623 564 1701 illos,
592 1622 625 1682 L.
647 1622 800 1693 Paullum,
830 1623 869 1684 M.
891 1623 1048 1692 Catonem,
1079 1623 1110 1684 C.
1131 1619 1251 1699 Galum,
1274 1623 1308 1683 P.

139 1704 291 1781 Nasicam,
320 1707 365 1767 Ti.
391 1706 556 1768 Gracchum
580 1707 727 1787 Scipionis
755 1708 849 1767 nostri
872 1725 1010 1770 socerum
1033 1705 1204 1767 dileximus:
1233 1706 1309 1767 haec

140 1790 228 1851 ctiam
257 1793 352 1868 magis
372 1790 478 1856 ,elucet
503 1793 582 1852 inter
605 1791 757 1870 aequales,
788 1800 821 1852 ut
842 1793 920 1852 inter
943 1810 990 1852 me
1013 1798 1042 1853 at
1065 1791 1252 1869 Scipionem,
1275 1789 1308 1852 L.

138 1872 277 1951 Furium,
311 1875 344 1939 P.
367 1875 533 1954 Rupilium,
569 1875 620 1954 Sp.
643 1875 832 1936 Mummium:
868 1877 995 1936 vicissim
1029 1883 1127 1936 autem
1159 1892 1246 1936 sones
1277 1875 1309 1934 in

138 1957 372 2020 adulescentium
396 1960 518 2021 caritate
540 1960 765 2037 acquiescimus,
791 1965 821 2018 ut
843 1960 873 2018 in
897 1967 1003 2028 vestra,
1029 1967 1060 2020 ut
1075 1961 1104 2018 in
1122 1957 1156 2028 Q.
1170 1957 1309 2027 ,roboro-

138 2043 204 2111 nis;
234 2042 371 2121 equidem
401 2045 487 2105 etiam
519 2042 678 2104 admodum
702 2043 900 2104 adulescentis
922 2043 956 2107 P.
979 2041 1097 2112 Rutilii,
1121 2044 1153 2102 Α.
1178 2043 1309 2120 Verginii

139 2125 341 2189 familiaritate
370 2126 510 2190 delector.
555 2125 760 2209 Quoniamque
789 2129 828 2188 ita
858 2128 932 2187 ratio
962 2134 1130 2206 comparata
1161 2135 1205 2188 est
1232 2127 1310 2188 vitae

170 2397 187 2456 θ
206 2397 262 2446 100.
282 2391 377 2446 dehac
389 2391 451 2446 dico
464 2391 612 2460 sapientia.
634 2350 699 2460 Vql.
784 2398 799 2458 5
818 2398 874 2450 101.
893 2391 1177 2448 Paullum-Gaium.
1194 2391 1220 2446 S.
1227 2399 1309 2459 nuta.
1326 2389 1328 2396 '

136 2459 210 2512 oben
228 2465 252 2523 ὅ,
272 2464 311 2512 18.
786 2458 924 2514 Catonem.
960 2459 986 2512 S.
1006 2476 1040 2512 zu
1057 2465 1072 2525 ξ
1089 2465 1113 2513 4.

173 2526 212 2580 ad
230 2527 299 2582 ieras
316 2526 456 2581 amicitias
472 2525 590 2593 deducit
601 2527 698 2580 oratic.
784 2527 820 2585 P.
833 2527 978 2593 Nasicam,
996 2527 1039 2580 Ti.
1054 2525 1215 2583 Gracchum.
1227 2558 1263 2567 -
1273 2528 1309 2582 P.

138 2593 263 2663 ughel,
283 2599 314 2648 76
332 2595 390 2647 iam
407 2594 479 2648 euim
496 2610 515 2647 a
531 2593 699 2662 sapioutituu
752 2593 896 2650 Ocruelius
913 2593 1007 2662 Scipio
1023 2595 1145 2661 Nasica,
1176 2593 1230 2648 mit
1246 2594 1310 2649 dem

137 2661 699 2730 familiaritatibusadcuipcreaamicitias
750 2661 881 2716 weiteren
891 2662 1043 2716 Beinamen
1054 2661 1210 2729 Corculum,
1223 2663 1310 2718 Vates

137 2729 228 2783 oratio
246 2733 342 2784 uestra
361 2729 508 2784 delabitur.
751 2729 798 2783 des
823 2729 925 2784 Nasica
951 2729 1065 2798 Serapio
1097 2733 1127 2796 (s.
1156 2747 1189 2782 zu
1216 2736 1230 2796 ς
1257 2731 1309 2806 11),

175 2811 552 2881 Quamobrem-redeamus,
571 2811 598 2871 S.
610 2830 643 2866 zu
655 2818 670 2879 ἓ
684 2819 697 2866 1
750 2796 980 2864 Schwiegcrschn
998 2797 1045 2850 des
1055 2795 1200 2850 Africanus
1212 2811 1309 2864 mmor,

138 2895 213 2934 num
230 2880 310 2934 «redeo
327 2883 374 2934 ad.
750 2879 808 2916 war
830 2880 854 2919 fla.
880 2870 928 2918 159
952 2863 1060 2917 censor.
1079 2895 1112 2904 ·-
1130 2863 1186 2917 Der
1208 2864 1310 2918 andere

172 2947 185 3000 q·
223 2963 288 3001 mm
305 2945 369 3000 trist
382 2947 468 3002 hrum
482 2949 521 3002 im
531 2948 698 3004 Amcfflusge
750 2930 1309 3000 Schwiegersohndeshfricemusmaior,

138 3029 175 3066 an
223 3013 698 3084 eeffeetvolleWiederholungdcs
751 2999 793 3079 Ti}
807 2998 986 3120 Sempronius
999 2999 1148 3065 arcemus,
1165 2999 1311 3054 Vaicrdor

138 3080 250 3135 Worqes
266 3084 364 3136 vanu&
748 3066 850 3121 bc1den
886 3066 1168 3122 channtanracchen
1185 3067 1243 3120 und
1262 3067 1311 3121 der

175 3148 205 3202 0,
229 3149 328 3204 Fam·
354 3155 379 3204 ep
399 3155 439 3204 m,
480 3149 507 3204 S·
534 3169 568 3206 zu
591 3158 605 3218 ἕ
628 3157 644 3206 g
669 3151 698 3206 0,
750 3133 922 3204 Sempronia,
947 3133 1001 3188 mit
1017 3133 1138 3188 welches
1162 3134 1220 3187 sich
1237 3134 1311 3187 Afri·

138 3215 228 3271 Laezi,
750 3217 834 3256 mnus
851 3202 959 3256 minor
976 3201 1140 3265 vermahlte‚
1158 3201 1313 3255 unterwuxf

172 3284 362 3338 convenientia
386 3301 487 3339 sermm·
527 3285 591 3353 Vgl¹
614 3291 644 3344 6,
666 3293 699 3341 20
749 3269 791 3322 als
805 3268 907 3323 consul
925 3285 949 3327 a,
970 3273 1019 3322 1⁷7
1037 3267 1086 3321 dass
1099 3267 1307 3322 flrufssffindiflchfl

138 3352 260 3406 mim
272 3368 363 3406 ΝΜ,
373 3353 520 3408 ΝΜΟ,
533 3384 567 3392 -
577 3352 699 3406 Diehier
749 3335 895 3390 Sardiniam
917 3334 974 3389 und
991 3334 1069 3388 ward
1086 3351 1110 3393 a.
1132 3341 1180 3389 169
1199 3333 1309 3392 Censor.

137 3416 314 3486 beginnende
345 3418 529 3474 Conclusio
561 3410 698 3490 recapitir·
783 3419 920 3486 Furium,
946 3419 1109 3488 Rupilium,
1133 3419 1308 3474 Mucamium.

136 3484 203 3548 liert
219 3487 360 3541 aunachst.
748 3485 897 3541 Disselben
914 3486 974 3540 drei
991 3485 1106 3540 wurden
1124 3486 1194 3540 oben
1213 3494 1258 3556 19,
1276 3493 1310 3544 69

172 3569 253 3608 suurn
275 3555 382 3622 lumea,
408 3553 448 3608 im
471 3554 640 3624 (regenensis
664 3572 698 3609 au
749 3553 1031 3622 zusammengestellt.

137 3620 170 3675 iu
187 3621 251 3679 aiio.
288 3619 314 3676 S.
334 3641 368 3676 zu
385 3629 399 3689 5
419 3630 450 3678 13
467 3629 630 3680 caurorum.
785 3621 943 3678 Tuberonis.
980 3621 1006 3678 S.
1026 3639 1061 3674 zu
1077 3629 1092 3688 ξ
1109 3627 1151 3676 37.

172 3705 289 3784 dilipere
316 3707 391 3785 steht
416 3706 477 3760 hier
503 3723 633 3786 ungenau
659 3707 699 3760 im
783 3707 898 3763 Rutilii.
933 3708 970 3786 P
987 3705 1310 3784 Rutiliusnllusushder

138 3771 325 3856 allgamemen
335 3773 427 3857 nSmne
444 3774 492 3827 des
509 3774 699 3853 griechischen
749 3791 799 3830 vor
816 3775 969 3854 Numantia
986 3775 1068 3850 uniar
1085 3773 1177 3842 Scipio
1195 3772 1324 3858 geuene

139 3840 698 4045 pppprpqpprerpch
749 3839 1308 4042 aq
1391 3892 1393 3898 ’

232 3992 302 4060 nce
355 3993 387 4029 ru
458 3993 553 4060 qaaere
582 3994 640 4033 cari
654 3993 686 4032 aa
748 3992 800 4030 ane
838 3992 879 4030 as
941 4041 947 4052 ι
1120 4041 1126 4054 .
1281 3993 1309 4031 o·

138 4042 383 4232 perenne.
398 4043 698 4164 ..u
750 4041 1307 4190 corniceturaaran

138 4177 698 4316 hffigmdppigppaffipffiffi
750 4177 922 4300 {aliid
952 4177 1310 4299 hithhamahti

140 4329 189 4366 aur
221 4313 389 4393 Erganznng
421 4315 478 4369 und
506 4315 699 4384 Erweiterung
749 4312 885 4391 Rutilius,
915 4312 964 4367 der
992 4311 1197 4367 bedentendere
1227 4314 1289 4367 unte

139 4380 188 4434 dea
204 4379 325 4436 anderen
343 4382 443 4436 dienen
460 4381 545 4444 lxann,
750 4381 805 4436 den
821 4381 929 4448 beiden,
948 4380 1144 4436 vorschwehte.
