3036 4868
229 336 271 402 36
735 331 889 388 nennius

230 516 263 568 ut
277 505 382 585 gloria,
403 514 435 567 ut
450 505 596 578 aedilicio,
619 515 652 567 ut
667 507 772 569 vestitu
788 504 929 584 cultuque
942 505 1087 584 corporis,
1109 537 1152 550 -υ
1164 505 1312 566 animante
1335 506 1404 566 vir-

229 599 292 653 tute
314 591 459 672 praedito,
483 592 592 670 ecqui
615 590 659 652 vel
682 608 783 652 amare
805 591 861 658 vel,
885 598 919 651 ut
937 590 977 651 ita
993 589 1099 660 dicam,
1123 589 1278 650 redamare
1293 591 1403 668 possit,

230 693 291 736 non
314 675 474 738 admodum
496 674 656 736 delectari?
684 674 764 735 Nihil
787 685 831 736 est
853 675 932 736 enim
954 675 1197 736 remuneratione
1219 671 1404 735 benevolen-

181 763 222 826 50
231 761 300 837 tiae,
324 759 398 820 nihil
420 759 624 820 vicissitudine
645 760 812 820 studiorum
835 758 1061 834 officiorumque
1088 756 1255 818 iucundius.
1299 755 1404 826 Quid?

232 847 257 905 si
278 843 353 904 illud
374 845 462 904 etiam
484 843 631 916 addimus,
654 843 734 923 qued
757 851 839 905 recte
862 842 930 903 addi
952 848 1057 921 potest,
1082 840 1154 902 nihil
1178 860 1244 904 esse
1266 841 1404 924 quodad

231 948 264 990 se
292 945 357 989 rem
380 926 469 987 ullam
493 935 551 988 tam
575 926 678 1003 illiciat
700 936 730 990 et
752 927 879 988 attrahat
893 943 981 1007 quam
997 925 1033 986 ad
1050 927 1209 988 amicitiam
1225 925 1401 1004 similitude,

231 1012 414 1074 concedetur
437 1011 572 1091 proiecto
596 1029 698 1073 verum
720 1030 804 1082 esse,
827 1019 859 1072 ut
881 1011 977 1071 bonos
999 1010 1070 1070 boni
1093 1009 1217 1089 diligant
1237 1012 1402 1072 asciscant-

232 1115 290 1178 que
318 1095 376 1157 sihi
404 1096 488 1173 quasi
514 1097 738 1175 propinquitate
767 1096 942 1156 coniunctos
969 1101 1057 1174 atque
1085 1101 1202 1156 natura.
1245 1093 1325 1155 Nihil
1355 1103 1403 1156 est

233 1182 312 1243 enim
341 1181 530 1259 appetentius
561 1179 701 1241 similium
724 1181 770 1240 sui
792 1197 849 1247 nee
870 1179 1008 1257 rapacius
1030 1196 1119 1258 quam
1141 1187 1257 1240 natura.
1302 1175 1401 1246 Quam

232 1265 270 1326 ob
293 1281 358 1326 rem
380 1263 438 1324 hoe
460 1264 598 1343 quidem,
623 1264 717 1324 Fanni
740 1271 769 1324 et
791 1261 948 1356 pennula,
970 1270 1093 1331 constet,
1116 1271 1150 1324 ut
1172 1265 1289 1342 opinor,
1312 1261 1402 1324 honis

231 1352 311 1411 inter
339 1348 434 1409 bonos
464 1349 549 1425 quasi
577 1349 777 1409 neeessariam
806 1345 1058 1420 benevolentiam,
1092 1348 1144 1424 qui
1177 1355 1222 1408 est
1250 1347 1401 1408 amicitiae

230 1434 299 1494 lone
321 1451 336 1493 a
359 1439 465 1493 natura
488 1433 675 1494 constitutus.
714 1432 772 1493 Sed
796 1431 899 1493 eadem
923 1430 1040 1492 bonitas
1063 1432 1152 1492 etiarn
1174 1431 1210 1491 ad
1233 1431 1400 1493 multitudi-

232 1535 302 1578 nem
324 1517 464 1595 pertinet
508 1515 574 1576 Non
598 1519 677 1578 enim
700 1525 745 1578 est
766 1515 927 1578 inhumana
949 1517 1042 1576 virtus
1064 1532 1163 1595 neque
1183 1517 1324 1576 immunis
1346 1533 1402 1576 ne·

232 1619 290 1681 que
318 1599 464 1677 superba,
492 1615 569 1676 quae
597 1602 686 1662 etiam
714 1598 842 1679 populos
871 1599 1025 1660 universos
1054 1601 1133 1660 tueri
1156 1600 1259 1678 eisque
1288 1601 1401 1680 optime

233 1683 391 1747 consulere
413 1683 515 1760 soleat,
539 1685 618 1761 quod
641 1702 702 1744 non
725 1685 838 1745 faceret
859 1683 1005 1762 prolecto,
1028 1684 1053 1743 si
1075 1701 1091 1743 a
1115 1685 1237 1746 caritate
1253 1683 1331 1762 vulgi
1348 1683 1399 1746 ah·

183 1770 381 1836 hlhorreret.
426 1770 521 1845 Atque
551 1769 638 1829 etiam
662 1769 733 1828 mihi
757 1769 876 1846 quidem
900 1767 1052 1844 videntur,
1082 1769 1132 1845 qui
1154 1767 1287 1829 utilitatis
1310 1786 1401 1830 causa

233 1854 350 1930 fingunt
380 1852 541 1921 amicitias,
575 1852 819 1914 amabilissimum
852 1852 964 1912 nodum
993 1853 1138 1912 amicitiae
1167 1851 1282 1912 tollere.
1333 1851 1402 1913 Non

233 1937 313 1998 enim
335 1943 394 1996 tam
417 1934 526 1996 utilitas
549 1945 632 2014 perta
655 1954 711 2015 per
734 1939 861 1998 amioum
878 1954 967 2013 quam
982 1937 1071 1996 amici
1085 1953 1168 1996 amor
1184 1937 1248 2014 ipse
1264 1936 1401 2004 delectat,

233 2029 355 2096 tumque
377 2018 450 2079 illud
473 2019 514 2094 iit,
537 2020 617 2099 quod
640 2021 676 2081 ab
700 2023 795 2082 emico
820 2029 863 2082 est
886 2019 1063 2099 proiectum,
1091 2021 1261 2089 iucundum,
1285 2023 1310 2082 si
1332 2037 1403 2080 eum

233 2105 330 2166 studio
359 2110 403 2164 est
430 2103 613 2184 proiectum,
641 2113 814 2183 tantumque
844 2104 928 2166 abest
955 2115 987 2165 ut
1009 2106 1157 2165 amicitiae
1179 2112 1301 2184 propter
1323 2105 1402 2165 indi·

234 2190 362 2268 gentiam
391 2187 542 2266 colantur,
571 2196 603 2249 ut
625 2191 663 2262 ii,
691 2191 743 2266 qui
773 2188 880 2268 opibus
908 2197 937 2250 et
959 2189 1053 2268 copiis
1077 2189 1262 2267 maximeque
1284 2190 1402 2258 virtute,

234 2275 264 2333 in
287 2292 345 2352 qua
367 2271 529 2352 plurimum
558 2282 603 2333 est
624 2274 780 2351 praesidii,
810 2275 932 2334 minime
953 2272 1075 2334 alterius
1097 2273 1264 2350 indigeant,
1292 2271 1402 2334 liberas

234 2357 340 2417 lissimi
361 2359 421 2416 sint
443 2364 472 2417 et
495 2356 767 2419 beneficentissimi.
812 2359 908 2436 Atque
930 2356 1008 2417 haud
1032 2357 1122 2417 sciam
1146 2373 1184 2418 an
1207 2375 1244 2418 nc
1267 2375 1341 2435 opus
1364 2358 1404 2417 sit

236 2441 355 2520 quidem
387 2439 461 2500 nihil
489 2458 618 2519 unquam
653 2444 776 2502 omnino
810 2441 913 2504 deesse
947 2443 1059 2502 amieis.
1105 2440 1160 2502 Uhi
1194 2443 1272 2503 enim
1305 2441 1401 2503 studia

235 2707 269 2741 nu
287 2668 446 2752 versieh'em
465 2676 591 2754 degegen
610 2695 650 2752 21,
668 2694 700 2742 81
719 2689 792 2754 senc)
844 2688 1020 2758 politischem
1043 2687 1141 2742 Sinne:
1165 2688 1231 2740 frei
1254 2706 1320 2743 ven
1338 2690 1401 2743 den

235 2758 381 2874 entgeqlen,
398 2752 470 2806 noch
482 2754 562 2807 mehr
570 2754 697 2820 gehoben
706 2755 793 2810 durch
844 2758 942 2810 nennio
959 2756 1017 2808 des
1035 2754 1171 2808 sinales
1193 2756 1334 2821 bedentet,
1356 2758 1402 2810 be-

236 2824 281 2878 die
311 2821 475 2876 ciaelisehe
504 2821 722 2891 Wortsiellung:
750 2825 794 2878 de·
845 2821 970 2877 zeichnei
987 2823 1047 2874 hier
1063 2823 1125 2886 den,
1143 2822 1262 2878 welches
1279 2822 1336 2876 sich
1348 2823 1402 2877 den

236 2889 726 2955 ledani—nebns,nne‘nnante-non
744 2892 793 2946 nd·
845 2891 943 2944 nennio
974 2889 1089 2966 (ospicio)
1121 2890 1178 2943 der
1208 2891 1401 2945 Menachen-

235 2959 346 3013 nodone
365 2958 502 3011 delectari.
845 2957 938 3011 liobe
956 2956 1086 3010 entzrehi.

268 3026 420 3078 redamare.
464 3023 515 3076 Die
541 3023 722 3090 Neubildung
748 3024 796 3078 des
880 3029 953 3087 §51
985 3023 1220 3083 onnotttcctnnn,
1249 3025 1278 3084 S,
1301 3044 1334 3079 au
1353 3031 1401 3092 §1

235 3092 346 3146 Worles
365 3089 446 3158 (nach
464 3086 632 3159 decapitata)
651 3091 721 3143 wird
738 3097 796 3144 ent·
846 3091 965 3144 noanneane
981 3091 1188 3144 memorabilem.

235 3157 376 3225 schuldigt
393 3156 479 3210 durch
496 3163 528 3210 nt
544 3160 587 3212 e'tn
604 3159 703 3212 decano.
877 3164 937 3210 onon
954 3188 987 3196 -
1004 3159 1037 3211 ει.
1073 3157 1099 3216 S,
1119 3175 1153 3210 zu
1171 3164 1187 3224 ξ
1206 3165 1246 3212 25.

270 3233 345 3293 §on
385 3225 539 3278 conitendo
563 3227 643 3293 (steti
665 3227 794 3280 mnilite·
878 3226 975 3291 oplbns
998 3255 1030 3264 -
1052 3226 1161 3280 ninnte.
1196 3225 1319 3280 Ablativi
1341 3243 1401 3280 cau-

237 3296 352 3362 dineno),
382 3292 468 3345 durch
495 3292 652 3346 Attraction
679 3309 714 3345 en
741 3293 794 3346 den
843 3292 924 3350 seles.

235 3360 417 3416 unmiitelbar
441 3360 688 3428 vorhergehenden
713 3361 794 3414 Rela-
880 3360 956 3414 hond
973 3360 1059 3414 scinne
1076 3376 1122 3413 nn.
1151 3359 1244 3412 Durch
1263 3360 1317 3414 den
1335 3359 1400 3416 Con-

236 3429 345 3484 iivsetn.
843 3426 952 3496 junctio
972 3428 1057 3482 sednon
1074 3426 1144 3481 wind
1162 3426 1206 3482 die
1224 3427 1399 3482 Bescheiden·

269 3511 363 3548 cannen
386 3510 453 3559 esse,
477 3500 515 3549 nt.
553 3494 579 3549 S.
604 3511 638 3548 nu
661 3501 675 3559 5
700 3503 732 3550 14
754 3513 795 3550 oe·
847 3494 907 3548 heio
933 3494 981 3548 der
1007 3493 1195 3563 Beheuptung
1223 3496 1294 3549 noch
1324 3496 1402 3549 mehr

235 3562 322 3626 rinno,
339 3566 379 3616 nt.
844 3560 1003 3630 gasteigeri.
1301 3607 1305 3615 .

249 3617 259 3632 ’
270 3627 444 3696 appetentius
455 3627 553 3680 betoni
565 3628 614 3680 dae
622 3629 793 3696 Verlangem
882 3628 935 3682 Ubi
952 3629 1024 3680 enine
1035 3628 1132 3682 stnde'n
1140 3635 1235 3683 nostra
1244 3631 1399 3710 nequissent,

235 3692 793 3826 wit-“llllidlsssllstadil{alisii-'imi‘
844 3694 1400 3820 lla?nildlrnillldllhdlliilhgell

269 3830 674 3884 neeessarinmbenenolenie'one.
693 3830 794 3883 Derln·
867 3831 907 3885 'bt
941 3848 989 3894 cu,
1024 3830 1086 3884 dese
1115 3829 1324 3898 Hiilieleiatung
1354 3849 1399 3884 aur

236 3895 721 3973 finitioderllopulaisiauegelaseen,
730 3897 795 3951 weil
868 3897 1048 3952 reundschaft
1059 3897 1181 3954 dienlieh
1196 3899 1235 3952 eei
1253 3900 1320 3966 (ng
1339 3904 1353 3962 5
1368 3906 1398 3952 49

237 3964 286 4017 der
304 3963 368 4015 Satn
386 3980 415 4015 m
432 3964 549 4017 duecter
566 3964 642 4018 Rede
663 3964 693 4016 iu
712 3966 794 4017 nach·
845 3967 916 4018 nehel
929 3966 1121 4020 vicissitudine
1133 3968 1286 4020 sindicrnna
1300 3966 1397 4031 officio·

237 4029 426 4084 druchsvoller
451 4030 541 4084 Kiirae
567 4031 662 4084 lenden
685 4031 793 4086 wtirde:
844 4034 1143 4101 nnnqnee'nennde'ns);
1156 4032 1398 4100 abarwenigeriiir

236 4100 326 4152 Bone's
343 4098 416 4151 inter
427 4097 508 4150 bonos
520 4100 674 4152 necessario
687 4101 794 4153 beneoo·
846 4099 898 4151 den
917 4099 1135 4165 Unterstlitzten,
1153 4099 1194 4151 ale
1211 4097 1257 4150 fiir
1274 4100 1328 4152 den
1346 4100 1397 4154 Un-

236 4168 331 4225 lente'n.
843 4166 1058 4220 tershiilzenden.

270 4249 327 4286 non
345 4237 383 4284 est
399 4229 553 4284 inlinendae
570 4256 595 4278 =
613 4231 652 4285 sie
674 4232 726 4285 hat
748 4234 793 4287 ein
879 4235 926 4288 nbe'
943 4258 969 4281 =
986 4235 1017 4287 a'n
1034 4250 1089 4300 qno
1105 4249 1142 4286 ne.
1162 4233 1226 4304 Vgl.
1246 4232 1300 4288 Cic.
1320 4233 1394 4291 Taso.

237 4299 309 4352 Herc
326 4299 372 4351 fiir
388 4296 489 4350 endere
507 4298 662 4352 Menaehen.
844 4308 868 4366 5,
886 4309 927 4366 41,
948 4308 994 4354 121
1017 4301 1068 4354 Uln'
1084 4302 1182 4354 malins
1199 4303 1244 4356 nti
1256 4317 1396 4369 possenna

271 4367 414 4431 inenenne's,
431 4365 550 4419 welches
568 4366 745 4433 gewdhnlich
762 4367 792 4420 in
843 4371 891 4424 doc
908 4368 984 4422 otio?
