3036 4868
231 355 272 418 10
733 349 885 404 aremus

230 526 357 602 flerique
393 523 547 585 studebam
577 523 640 584 eius
670 521 827 600 prudentia
856 522 980 584 doctior.
1031 519 1095 590 Quo
1129 532 1245 584 mortuo
1278 541 1326 585 me
1356 525 1397 586 ad

231 609 403 688 pontificem
418 607 588 668 Scaevolam
605 605 726 674 contuli,
743 625 830 686 quem
847 625 938 666 unum
952 615 1071 667 nostrae
1087 607 1211 668 civitatis
1227 615 1257 668 et
1271 609 1397 687 ingenio

231 700 260 754 et
281 693 390 752 institia
414 691 697 769 praestantissimum
722 691 817 752 audeo
841 691 949 753 dicere.
988 691 1045 752 Sed
1069 690 1289 758 deuocatus:
1314 709 1398 754 nuno

199 777 321 846 2radeo
344 777 380 836 ad
402 791 555 851 augurem.
590 775 662 836 Cum
685 792 775 854 saepe
798 773 898 844 multa,
921 782 982 833 tum
1007 775 1127 834 memini
1150 774 1230 834 domi
1253 777 1283 834 in
1299 775 1398 836 leemi-

230 859 324 939 epelio
339 859 501 934 sedentem,
524 864 556 918 ut
571 857 696 934 solebat,
719 877 786 918 aum
803 868 831 920 et
854 876 908 935 ego
932 875 1025 918 essem
1050 877 1106 918 unu
1130 868 1158 918 et
1180 861 1267 936 pauei
1290 860 1396 920 admo·

229 944 297 1005 dum
309 941 478 1010 familiares,
495 944 525 1002 in
541 961 607 1002 eum
624 960 792 1003 sermonem
804 939 888 1002 illurn
903 941 1045 1017 incidere,
1071 942 1119 1020 qui
1136 952 1197 1002 tum
1212 943 1276 1003 iere
1292 943 1399 1006 multis

229 1037 293 1088 erat
314 1029 345 1085 ia
369 1045 430 1086 ore.
476 1026 633 1086 Meministi
657 1028 734 1086 enirn
757 1026 908 1106 proiecto,
932 1027 1041 1097 Attice,
1065 1036 1094 1086 et
1116 1044 1151 1087 eo
1174 1029 1283 1104 magis,
1312 1029 1397 1104 quod

228 1111 262 1171 P.
280 1111 413 1189 Sulpicio
430 1109 552 1172 utebare
571 1109 704 1178 muitum,
729 1128 796 1169 oum
818 1111 843 1170 is
866 1108 1121 1188 tribunusplebis
1144 1109 1262 1188 capitati
1285 1112 1353 1172 odio
1378 1131 1395 1172 a
1425 1097 1452 1142 ι

229 1192 263 1263 Q.
289 1195 441 1273 Pompeio,
464 1195 598 1272 quitum
623 1204 687 1254 erat
709 1193 823 1263 consul,
848 1194 1012 1264 dissideret,
1037 1209 1162 1273 quooum
1186 1196 1396 1257 coniunctissi-

230 1297 278 1338 me
308 1286 337 1340 et
365 1278 566 1340 amantissime
598 1279 725 1346 vixerat.
757 1287 865 1356 quanta
895 1288 973 1338 esset
995 1277 1146 1338 bominum
1169 1276 1214 1337 vet
1237 1279 1398 1340 admiratio

198 1361 274 1428 3vel
298 1361 431 1440 querela.
475 1361 578 1438 ltaque
601 1371 662 1421 tum
686 1361 835 1431 Scaevola,
860 1380 927 1421 eum
953 1363 983 1420 in
1008 1380 1072 1422 eam
1094 1363 1188 1440 ipsam
1212 1364 1397 1424 mentionem

229 1447 391 1514 incidisset,
416 1446 553 1524 exposuit
575 1445 662 1506 nobis
685 1463 853 1508 sermonem
877 1444 968 1508 Laelii
990 1445 1026 1505 de
1049 1447 1178 1506 amicitia
1200 1445 1332 1506 habitum
1356 1447 1396 1508 ab

231 1528 281 1590 llio
305 1547 405 1590 secum
429 1539 459 1590 et
480 1548 548 1590 oum
571 1530 664 1590 altero
681 1531 836 1607 generat).
854 1529 975 1601 Fannio,
999 1529 1090 1590 Marsi
1114 1528 1183 1602 idio,
1207 1532 1308 1607 paneis
1332 1531 1397 1592 die-

227 1776 786 1922 ΙΙΙΙΙΙΙΙΙΙΙΙΙΙΙΙΙΙΙΙΙΙΙΙΙΙΙΙΙ

246 1915 381 1988 suspires,
413 1928 442 1964 1n
465 1860 599 1965 weleuem
623 1912 734 1965 d1eser
751 1911 782 1976 Q.

256 1993 333 2030 uerus
351 1976 491 2043 Scaevola,
501 2010 533 2019 -
543 1980 616 2034 iuris
629 1981 783 2044 peritorum

226 2045 478 2124 eloquentissimus,
505 2047 687 2114 elaqueatium
710 2047 783 2100 iuris

220 2113 408 2178 peritissimus
425 2111 489 2181 (Cia.
509 2113 543 2166 de
561 2129 598 2166 or.
619 2119 700 2178 1,39,
715 2115 782 2181 180),

225 2194 250 2233 a.
281 2185 313 2257 tp
345 2177 460 2245 Consul,
494 2197 517 2234 a.
546 2185 578 2235 82
609 2180 660 2232 auf
686 2179 785 2234 Befehl

225 2245 273 2300 des
292 2251 431 2314 Jiingeren
454 2247 557 2300 Marius
583 2248 691 2314 gettitet
716 2248 783 2315 (vgi.

225 2313 352 2380 Lange,
381 2315 460 2369 nem.
477 2314 596 2368 Alteeth.
615 2314 667 2380 ΙΙΙ,
685 2331 711 2382 p.
731 2319 784 2382 89),

226 2409 259 2422 -
280 2398 314 2432 zu
336 2381 400 2435 dem
425 2383 654 2450 obengenannten
680 2382 784 2450 gleich-

224 2447 356 2515 namigen
373 2452 489 2517 Augur
510 2449 592 2504 steht.
628 2449 683 2503 Der
700 2451 784 2504 Vates

224 2515 407 2634 pespoutifea
415 2519 554 2570 maximus
562 2516 784 2570 warderVetter

244 2598 271 2634 es
290 2600 327 2634 au
345 2599 388 2636 ur.

258 2649 313 2702 Sed
328 2599 365 2702 lle
381 2652 429 2704 boe
446 2651 535 2715 aliam
552 2665 628 2702 uume
645 2649 724 2702 redeo
736 2650 782 2702 ad.

224 2715 314 2768 Kurae
340 2715 423 2770 Form
450 2717 499 2770 der
529 2717 673 2771 revocatio.
718 2717 781 2784 Vgl.

223 2783 294 2836 anah
313 2789 358 2844 26,
380 2791 435 2838 100.

257 2856 313 2916 §2
343 2853 444 2917 multa,
477 2848 621 2919 abhangig
649 2866 704 2904 von
730 2867 782 2906 me·

223 2918 315 3038 ppmgo
323 2918 433 3040 beziebp
443 2918 502 2973 siah
515 2919 685 3039 zurflckultul
694 2919 782 2996 multa

364 3003 386 3039 r.
434 3003 537 3040 ,mem
564 3003 610 3038 ma
651 3003 669 3038 a
686 3003 730 3039 am
748 3003 783 3038 Διιι

223 3055 238 3121 3
259 3057 280 3104 1.
299 3003 419 3106 -Iilem
437 3069 497 3108 eum
519 3054 608 3106 multa
629 3053 784 3120 entsprieht

210 3118 347 3172 “neohber
368 3126 427 3174 tum
449 3122 482 3174 iu
500 3137 560 3174 eum
584 3135 731 3174 sermouem
749 3121 783 3174 il-

223 3187 280 3240 lum
298 3186 427 3241 lucidare.

256 3253 405 3310 admodum
435 3255 597 3320 familiares.
642 3252 668 3306 S.
695 3255 782 3308 unben

223 3337 257 3372 zu
275 3327 299 3384 4,
321 3328 351 3375 16
370 3327 479 3392 pratum
497 3321 653 3400 admodum.

222 3389 780 3534 111211122212121113221

221 3521 272 3574 her
289 3523 431 3577 erwtthnte
448 3522 625 3576 Ferndsabaft
643 3524 779 3578 zvnsehen

221 3585 359 3656 Sulpicius
377 3589 434 3643 und
452 3590 521 3645 Pom
543 3590 609 3643 eius.

255 3657 312 3721 fere
333 3656 458 3734 ².fa³t.
477 3607 681 3734 alfgemein,
710 3656 780 3709 fast

221 3723 511 3778 aussehhessheh.
552 3723 588 3777 So
611 3731 639 3784 4.
670 3729 702 3777 14
722 3725 780 3789 fuit

220 3795 369 3846 extremum
380 3792 399 3857 s
400 3809 448 3846 ere
461 3791 494 3845 de
502 3792 708 3846 immortalitate
717 3791 778 3844 aui·

219 3873 341 3924 morum,·
369 3865 398 3925 6,
420 3865 460 3912 22.
502 3858 544 3928 [Η.
569 3858 594 3912 S.
619 3857 778 3911 Antonin

220 3923 349 3978 Zeitsahr.
368 3926 386 3978 f.
406 3925 431 3979 d.
452 3925 551 3995 Gymn.
573 3932 650 3991 1873,
668 3925 777 3991 xxvu,

219 4007 246 4058 p.
265 3998 391 4058 185-88,
409 3993 469 4046 witi
486 3993 532 4047 die
549 3993 649 4048 beiden
666 3993 778 4046 thrter

217 4058 277 4124 sere
296 4061 391 4116 multia
411 4060 568 4128 gastrioben
585 4061 676 4115 seben.
711 4059 776 4127 Vgl.

219 4123 278 4178 Liv.
293 4133 317 4191 9,
332 4132 371 4192 10,
390 4136 405 4183 3
424 4128 626 4183 Postuminam
638 4145 683 4182 ore
695 4133 773 4182 erut.

254 4192 378 4260 Sataialo
401 4241 407 4253 ,
428 4236 433 4249 .
453 4235 458 4248 .
477 4196 616 4263 Pompeio.
655 4196 688 4248 P.
712 4194 775 4250 du-

218 4261 776 4399 dibelldladldinliltlddflll

241 4396 275 4448 ab
291 4411 315 4449 a.
329 4402 362 4452 88
383 4398 425 4451 als
444 4397 549 4452 Tribun
570 4396 712 4466 energieeh
730 4411 776 4464 ge-

337 4650 369 4740 &
484 4609 538 4644 ,ι,
596 4602 719 4639 ·.,..

835 1792 889 1846 gen
912 1775 1052 1830 diesetben
1074 1775 1125 1829 auf
1144 1777 1201 1830 und
1223 1776 1399 1832 verieindete

835 1844 892 1898 siah
920 1844 1044 1898 dudnreh
1068 1844 1122 1896 mis
1150 1843 1203 1897 den
1221 1841 1344 1898 Consutn
1368 1845 1397 1898 d.

834 1911 874 1977 J.,
909 1911 1003 1964 seinen
1034 1911 1164 1964 frtiheren
1189 1911 1334 1965 Freunden
1360 1910 1395 1976 Q,

834 1978 1012 2046 Pompeius
1042 1977 1147 2030 Rufus
1173 1977 1230 2030 und
1258 1977 1287 2030 L.
1316 1977 1396 2032 Cor-

834 2045 949 2100 nelius
962 2045 1066 2098 Sulla.
1091 2044 1397 2112 Vgl.Liv.perioah.77:

837 2113 906 2166 Cum
932 2113 967 2166 P.
991 2112 1133 2180 Sulpicius
1159 2113 1396 2180 tribunusplebis

836 2187 947 2234 auctore
971 2178 1000 2232 0.
1019 2181 1114 2234 Mario
1128 2181 1299 2246 perniciosas
1323 2181 1397 2252 tapes

831 2248 1044 2316 promulpasset,
1064 2252 1100 2300 ut
1114 2247 1247 2300 exsules
1259 2261 1395 2301 reuoca-

835 2321 953 2369 reutur
987 2319 1017 2367 et
1044 2315 1123 2367 uooi
1149 2315 1237 2367 uiues
1259 2315 1395 2368 liberti·
1509 2371 1513 2390 4

834 2384 937 2502 pirae
954 2381 1309 2502 {Zislrilplfflmwdw
1331 2383 1395 2443 tri-

857 2466 906 2514 us,
936 2466 949 2502 e
999 2465 1019 2502 u
1105 2465 1202 2503 araus
1230 2465 1248 2501 a
1277 2465 1396 2506 uersus

834 2517 1073 2570 Mithridatem
1083 2517 1151 2569 (lua
1163 2522 1354 2581 crearetur,
1368 2523 1395 2572 et

834 2584 1044 2636 aduersantibus
1052 2584 1206 2636 eorrsulibus
1219 2583 1249 2652 Q.
1259 2583 1396 2648 Porapeio

835 2656 859 2703 et
910 2695 916 2706 .
941 2649 1036 2727 Sullae
1061 2650 1116 2702 aim
1137 2650 1288 2728 tutudisset,
1307 2652 1395 2706 occiso

833 2717 1395 2864 iradettattttttttt’atttt

833 2870 865 2905 m
876 2853 968 2905 urbem
979 2857 1054 2904 umet
1066 2857 1091 2904 et
1101 2851 1234 2905 aduersus
1245 2851 1394 2916 factionem

833 2919 955 2985 Sulpicii
961 2919 1394 2988 etMariituipsaurbepupuaait

834 3002 945 3054 eumque
963 2987 1078 3052 eapulit.
1107 2985 1141 3039 P.
1160 2985 1312 3052 Sulpicius,
1331 3005 1393 3042 eum

833 3055 865 3106 iu
874 3053 995 3131 quadam
1006 3054 1075 3107 uilla
1087 3053 1192 3119 lateret,
1202 3054 1309 3106 iudicio
1320 3056 1394 3110 serui

833 3138 882 3183 sera¹
902 3125 1038 3174 retractus
1066 3125 1090 3173 et
1107 3121 1212 3174 occisus
1229 3126 1274 3174 est.
1315 3123 1351 3189 (V
1372 3122 1391 3178 Ι,

832 3187 959 3254 Lange,
972 3188 1051 3240 Ram.
1062 3186 1180 3241 Altertb.
1193 3187 1239 3252 ΙΙΙ,
1249 3205 1276 3255 p.
1290 3195 1340 3244 120
1348 3141 1390 3259 d.)

866 3256 976 3308 utebare
985 3256 1110 3309 multum.
1134 3255 1392 3324 ,NamqueAm'ea'a,

832 3321 981 3388 Pomponii
990 3324 1025 3390 (=
1030 3321 1128 3387 Attici)
1137 3323 1307 3389 consobrina,
1320 3341 1392 3392 aup-

831 3395 904 3443 serat
927 3388 1035 3455 Seruio,
1061 3390 1148 3456 fratri
1170 3391 1229 3456 (P.)
1249 3391 1390 3458 Sulpicii!

831 3458 911 3525 (Nep.
930 3457 987 3510 Ata
1007 3464 1030 3522 2,
1051 3460 1085 3523 1,)

864 3531 921 3589 ἕδ.
959 3541 1018 3577 eam
1026 3524 1202 3590 meutiouem‚
1220 3524 1266 3577 fiir
1278 3527 1337 3582 eius
1348 3527 1392 3581 rei

829 3593 991 3646 ureutioaem
1015 3588 1071 3658 vgl.
1097 3598 1141 3657 11,
1159 3597 1192 3646 38
1216 3609 1250 3646 eo
1274 3594 1321 3648 boe
1338 3611 1390 3648 uu

829 3674 909 3712 mero.
928 3689 961 3696 —
977 3657 1040 3711 Von
1054 3657 1149 3725 jenem
1170 3658 1390 3729 vielbesproohe·
1434 3691 1436 3696 ·

829 3741 884 3778 nen
903 3725 1142 3792 Tagesereigaisse
1159 3742 1209 3780 aus
1226 3728 1292 3781 kam
1309 3729 1390 3783 Scae-

829 3793 895 3847 vola
919 3791 970 3846 auf
989 3791 1034 3846 die
1051 3793 1254 3849 Freundsahnft
1275 3794 1314 3848 im
1337 3795 1388 3849 all·

829 3861 987 3979 gemeinen,
1015 3862 1072 3915 und
1083 3878 1121 3928 ‚so
1138 3862 1189 3915 auf
1204 3864 1314 3917 Laelius
1330 3864 1387 3916 uad

848 3943 926 3980 essen
951 3927 1035 3982 Rode.
1070 3916 1145 3983 Uber
1171 3929 1284 3984 letztere
1312 3947 1331 3982 s.
1359 3929 1385 3988 d.

828 3993 901 4049 nint.
919 4001 934 4060 s
952 4003 976 4059 a,
996 3999 1047 4063 eo).

862 4061 984 4116 Fauuio.
1022 4063 1051 4116 O.
1070 4064 1215 4128 ditamus,
1240 4062 1334 4118 Marsi
1355 4065 1388 4132 fi-

826 4129 893 4194 lius,
915 4129 944 4182 0.
964 4130 1057 4183 Laelii
1074 4147 1164 4198 perier,
1182 4135 1206 4184 et
1224 4131 1345 4185 moribus
1362 4137 1386 4185 et

824 4197 885 4262 ipso
894 4211 989 4265 persero
1001 4197 1113 4250 diceudi
1124 4197 1222 4251 durior
1234 4196 1298 4265 (Cia.
1310 4199 1385 4252 Brut.

826 4269 871 4328 26,
892 4271 952 4322 10ος
971 4264 1027 4330 vgi.
1048 4263 1119 4316 nuoh
1136 4262 1208 4317 nint.
1227 4273 1242 4332 ς
1261 4271 1285 4324 6,
1303 4267 1386 4320 Anm.

827 4333 884 4399 23),
909 4329 1049 4384 neiohnete
1067 4329 1125 4385 siah
1142 4347 1192 4385 aus
1209 4332 1248 4386 im
1265 4333 1337 4388 Kum
1359 4335 1387 4388 fe

826 4414 876 4451 vor
887 4397 1031 4464 Karthago
1048 4399 1130 4452 unler
1147 4399 1248 4468 Scipio,
1265 4401 1324 4455 und
1376 4432 1386 4442 -
