3036 4868
233 332 275 396 50
742 321 894 377 Lanatus

184 501 314 564 Sillaec
339 509 397 576 est,
420 500 550 576 inquam,
574 498 708 566 societas,
732 498 762 555 in
787 513 842 572 qua
866 497 964 556 omnia
986 498 1096 571 insunt,
1120 512 1198 573 quae
1219 505 1322 575 putant
1343 497 1398 559 ho-

235 587 331 646 mines
355 583 534 662 expetenda,
565 581 705 641 honestas
733 580 827 658 gloria
850 579 1048 657 tranquillitas
1070 581 1161 640 animi
1184 588 1271 658 atque
1293 584 1397 642 iucun-

235 671 320 742 ditas,
342 674 375 728 ut
390 676 428 738 et,
451 685 517 728 curn
535 667 608 727 haec
624 667 724 733 assint,
747 664 832 725 beata
849 665 905 724 vita
921 667 968 741 sit,
987 673 1015 726 et
1030 666 1094 725 sine
1109 663 1156 724 his'
1172 683 1237 725 esse
1252 683 1312 726 non
1327 684 1396 744 pos·

234 757 281 814 sit.
326 750 408 822 Quod
438 770 504 812 curn
528 751 670 828 optimum
695 752 913 826 maximumque
937 751 984 820 sit,
1007 749 1032 808 si
1055 749 1084 808 id
1106 747 1240 810 volumus
1263 749 1395 830 adipisci,

234 838 332 898 virtuti
356 852 446 914 opera
470 835 565 896 danda
588 841 646 912 est,
673 836 738 894 sine
761 850 817 909 qua
841 849 896 892 nec
919 834 1078 893 amicitiam
1100 850 1198 912 neque
1220 832 1310 894 ullam
1333 852 1396 895 rem

235 921 430 1000 expetendam
459 920 602 995 consequi
634 935 805 995 possumus:
840 934 873 976 ea
902 914 1131 994 vero-neglecta
1153 919 1205 995 qui
1227 936 1259 978 se
1284 920 1396 979 amicos

234 1005 345 1066 hahere
368 1001 558 1079 arbitrantur,
582 1014 642 1062 turn
665 1021 698 1062 se
719 1001 847 1077 denique
870 1019 986 1062 errasse
1008 1002 1148 1078 sentiunt,
1172 1019 1238 1060 cum
1263 1020 1314 1063 eos
1329 1019 1396 1080 gra·

183 1089 277 1154 85vis
305 1088 412 1165 aliquis
440 1105 527 1148 casus
554 1087 682 1164 experiri
705 1087 792 1160 cogit.
838 1082 982 1152 Quocirca
1004 1119 1048 1130 --
1070 1084 1226 1146 dicendum
1251 1094 1295 1146 cst
1317 1088 1396 1146 enim

234 1175 352 1251 saepius
382 1207 438 1243 -,
467 1189 532 1232 cum
556 1170 711 1238 iudicaris,
741 1169 863 1244 diligere
887 1178 1019 1248 oportet3
1049 1187 1125 1246 non,
1156 1187 1222 1229 curn
1246 1171 1395 1239 dilexeris,

233 1259 376 1324 iudicare.
421 1257 478 1318 Sed
502 1273 569 1316 cum
592 1253 692 1314 multis
706 1255 736 1312 in
752 1251 843 1312 rebus
864 1255 1048 1330 neglegentia
1065 1252 1231 1332 plectimur,
1256 1264 1316 1314 tum
1332 1273 1395 1314 ma·

233 1345 312 1402 xime
334 1343 365 1400 iu
388 1342 490 1401 amicis
513 1348 541 1398 et
563 1337 726 1414 deligendis
750 1346 779 1397 et
800 1336 948 1410 colendis;
971 1339 1172 1417 praeposteris
1188 1340 1266 1398 enim
1283 1340 1395 1398 utimur

234 1425 365 1486 consiliis
389 1435 417 1484 ct
440 1432 502 1484 acta
526 1425 648 1498 agimus,
673 1421 751 1499 quod
775 1429 1020 1482 vetamurvetere
1035 1422 1206 1501 proverbio.
1239 1421 1323 1493 Nam,
1338 1424 1394 1482 irn-
1493 1472 1494 1487 2

233 1509 333 1588 plicati
356 1507 435 1567 ultro
459 1516 486 1568 et
509 1509 583 1566 citro
605 1505 650 1566 vel
674 1523 730 1567 usu
752 1506 891 1564 diuturno
909 1508 952 1568 vel
970 1508 1057 1568 etiam
1081 1506 1200 1581 ciliciis,
1223 1514 1348 1584 repente
1363 1508 1394 1566 iu
1493 1514 1494 1523 ’

232 1593 330 1654 medio
354 1610 443 1652 cursu
466 1592 609 1652 amicitias
632 1598 732 1650 exorta
756 1590 852 1666 aliqua
876 1589 1039 1652 offensione
1062 1590 1267 1668 dirumpimus

182 1677 223 1740 86
317 1677 419 1739 ΧΧΙΙΙ.
444 1674 508 1744 Quo
532 1676 618 1734 etiam
641 1676 736 1749 magis
760 1674 950 1751 vituperanda
975 1677 1085 1735 estrei
1109 1678 1235 1735 maxime
1258 1692 1396 1736 necessa·

233 1763 295 1822 riae
324 1769 403 1820 tanta
432 1761 556 1821 incuria.
600 1758 660 1818 Una
691 1766 736 1817 est
759 1758 836 1818 enim
861 1759 988 1818 amicitia
1010 1761 1040 1818 in
1063 1758 1155 1819 relius
1177 1759 1330 1829 humanis,
1359 1757 1396 1818 de
1493 1790 1494 1797 .

232 1847 316 1905 cuius
339 1843 463 1904 utilitate
484 1859 587 1904 omnes
609 1859 669 1902 uno
692 1859 744 1902 ore
767 1844 967 1905 consentiunt.
999 1840 1173 1919 Quanquam
1190 1863 1205 1903 a
1222 1841 1321 1904 multis
1336 1843 1395 1900 vir-

231 1937 279 1989 tus
307 1931 371 2008 ipsa
400 1928 598 1988 contemnitur
628 1935 656 1986 et
684 1925 843 1986 venditatio
872 1927 1015 2003 quaedam
1038 1936 1126 2004 atque
1149 1929 1306 1988 ostentatio
1329 1944 1394 1986 esse

232 2014 356 2092 dicitur3
379 2011 465 2072 multi
487 2011 600 2070 divitias
623 2011 800 2088 despiciunt,
823 2028 897 2089 quos
912 2029 1002 2090 parvo
1018 2020 1173 2072 contentos
1188 2013 1286 2072 tenuis
1300 2013 1404 2071 victus

233 2097 389 2173 cultusque
417 2095 556 2162 delectat;
586 2095 717 2155 honores
744 2110 827 2162 vero,
858 2112 983 2172 quorum
1013 2095 1171 2172 cupiditate
1200 2096 1318 2172 quidam
1347 2096 1415 2153 in·-

230 2181 434 2248 ssammantur‚
470 2197 558 2256 quam
589 2177 675 2238 multi
703 2181 742 2238 ita
770 2186 980 2247 contemnunt,
1009 2189 1042 2239 ut
1064 2179 1137 2238 nihil
1159 2181 1290 2256 inanius,
1320 2177 1394 2238 nihil

231 2283 296 2326 esse
319 2263 411 2325 levius
435 2263 615 2324 existiment!
644 2264 775 2338 itemque
798 2269 911 2331 cetera,
936 2279 1011 2338 quae
1034 2263 1210 2339 quibusdam
1234 2261 1394 2322 admirahi-
1493 2334 1494 2347 χ

229 2349 267 2410 lia
299 2348 450 2415 videntur,
483 2345 623 2426 permulti
651 2354 720 2406 sunt
748 2347 799 2422 qui
828 2364 882 2424 pro
913 2347 1005 2406 nihilo
1034 2355 1148 2424 putent.
1193 2347 1235 2406 lie
1264 2347 1393 2407 amicitia

230 2451 334 2494 omnes
356 2432 391 2493 ad
415 2449 505 2492 uuurn
528 2431 605 2492 idem
630 2432 768 2498 sentiunt,
793 2439 822 2489 et
842 2432 862 2490 ii
886 2433 937 2507 qui
959 2431 995 2491 ad
1018 2449 1081 2492 rem
1105 2431 1253 2509 publicam
1274 2451 1306 2492 sc
1320 2447 1394 2491 con·

229 2516 379 2589 tulerunt,
409 2522 437 2576 et
465 2517 484 2575 ii
513 2518 564 2594 qui
592 2532 693 2574 rerum
722 2515 891 2590 cognitione
914 2516 1108 2596 doctrinaque
1131 2514 1334 2588 delectantur,
1365 2521 1394 2574 et

229 2601 251 2660 ii
274 2602 323 2676 qui
346 2616 431 2660 suum
454 2601 606 2675 negotium
631 2608 737 2674 gerunt
760 2599 862 2666 otiosi,
887 2608 1039 2677 postremo
1061 2605 1082 2659 ii
1106 2601 1154 2676 qui
1178 2617 1209 2660 se
1232 2606 1310 2659 totos
1331 2608 1393 2659 tra·

230 2683 368 2744 didcrunt
390 2680 596 2761 voluptatibus
621 2686 685 2742 sine
708 2682 832 2741 amicitia
857 2683 943 2744 sitam
967 2700 1032 2744 csse
1055 2682 1176 2753 nullam,
1199 2684 1224 2742 si
1239 2683 1328 2742 modo
1344 2701 1394 2743 ve·

176 2765 219 2829 87
229 2767 284 2828 lint
306 2768 402 2845 aliqua
427 2785 463 2827 ex
484 2775 569 2846 parte
594 2765 758 2826 liberaliter
782 2767 887 2828 vivere.
919 2768 1019 2846 Serpit
1041 2770 1118 2828 enim
1136 2767 1237 2828 nescio
1254 2784 1313 2844 quo
1329 2785 1393 2826 rno-

228 3015 330 3079 schaft,
349 3013 402 3067 wie
420 3012 474 3067 Cic.
494 3013 550 3066 Cat.
570 3021 598 3079 3,
617 3022 645 3079 3,
665 3019 694 3078 ὃς
718 3013 783 3068 Sall.
838 3015 973 3081 Wunsch,
1000 3016 1053 3069 den
1074 3017 1142 3068 betr.
1165 3015 1393 3069 Freundschafts·

228 3081 346 3148 nacta,
366 3088 388 3135 1.
836 3083 911 3135 bund
933 3081 1021 3136 lieher
1044 3099 1095 3150 gar
1116 3081 1195 3137 nicht
1216 3083 1394 3150 geschlossen

261 3156 335 3216 §aa
370 3148 692 3215 dicendum-suemus.
720 3147 785 3215 Vgl.
837 3167 871 3202 au
888 3149 988 3204 haben.

229 3223 269 3282 17,
289 3223 321 3271 62
340 3217 371 3284 f.;
390 3223 431 3282 21,
450 3221 489 3270 78.
833 3244 835 3248 ·
870 3218 1007 3284 implicati
1028 3241 1054 3265 =
1075 3216 1104 3268 in
1122 3233 1191 3285 enge
1209 3216 1394 3284 Verbindung

261 3286 431 3354 neglegentia
449 3282 486 3336 ist
503 3283 566 3337 Abl.
585 3299 658 3336 caus.
671 3313 704 3322 -
713 3283 785 3350 pice
836 3282 890 3336 mil
906 3285 1037 3338 einander
1054 3285 1187 3363 getreten.

225 3353 314 3406 timeor
331 3351 439 3405 kommt
455 3349 535 3404 nicht
551 3367 606 3405 von
619 3350 708 3419 plecte
725 3352 783 3414 her,
871 3357 885 3417 ξ
903 3358 943 3406 86.
969 3353 1039 3422 Quo,
1055 3353 1223 3418 meolam,
1242 3351 1390 3405 deshalb.

227 3419 346 3472 eoudern
363 3435 417 3471 von
430 3419 545 3485 plector.
872 3419 1038 3488 Quanquam
1049 3437 1068 3473 u
1079 3420 1174 3474 multis
1185 3437 1211 3472 u.
1224 3437 1244 3474 s.
1257 3437 1301 3483 w,
1315 3424 1393 3472 nam·

263 3485 447 3552 etdelc‘pendia
459 3491 484 3539 et
497 3487 625 3540 colendis.
654 3484 783 3538 Wirver·
833 3485 890 3539 lich
916 3503 971 3540 von
997 3487 1050 3540 den
1077 3486 1257 3540 Utilitas-iera.
1281 3485 1393 3538 -Das

224 3556 342 3606 stamen
360 3567 397 3618 es,
415 3551 515 3605 vorher
527 3553 572 3605 die
587 3551 784 3606 erforderliche
836 3554 1002 3623 Quanquam
1019 3554 1120 3620 gehdrt
1137 3553 1200 3606 dem
1217 3553 1302 3609 Sinna
1320 3552 1392 3606 nach

227 3619 354 3686 Priilung
371 3618 558 3684 anzustellen,
585 3619 689 3672 welche
708 3619 783 3672 daun
835 3637 869 3672 zu
887 3619 941 3674 den
959 3620 1153 3674 s'ammllichen
1171 3620 1230 3674 vier
1241 3621 1392 3689 folgenden

226 3685 420 3754 nachtr'aglich
440 3687 782 3754 (praeposteramque)
834 3687 934 3741 Shtzen
952 3688 1051 3754 (denen
1069 3687 1191 3740 nachher
1208 3689 1253 3743 De
1265 3689 1392 3743 amicitia

224 3773 261 3807 au
279 3755 343 3822 spat
359 3753 476 3834 kommt,
524 3821 529 3832 Ι
750 3821 755 3833 ¹
834 3771 924 3810 omnes
939 3756 1146 3841 attemperatione
1158 3754 1391 3835 optgegensteht).

224 3820 785 3965 ..trintattttatdttltltttttttt
834 3821 899 3954 lt,
914 3823 1392 3946 titteltltnttlttttnttttt

225 3955 351 4008 decatum
367 3962 413 4021 est,
428 3959 562 4022 frustra
576 3959 678 4011 iterata
690 3961 785 4027 epitom
835 3956 936 4010 satzen
952 3959 1140 4026 selbsta'ndige
1156 3958 1239 4011 Form
1255 3957 1390 4024 gegeben.

226 4021 355 4090 (Donat).
384 4023 429 4076 Sic
446 4023 692 4078 bezeichnetdann
705 4026 784 4078 uber·
867 4041 949 4078 suam
965 4029 1103 4094 nepotiano
1120 4025 1159 4077 im
1173 4025 1212 4076 Ge
1234 4030 1344 4076 ensatze
1358 4026 1391 4092 (s.

226 4089 317 4158 haupt
342 4089 391 4142 das
421 4091 596 4158 vergebliche
624 4091 782 4157 Bostrebeu,
834 4109 867 4144 au
885 4098 900 4158 ξ
919 4099 950 4146 13
967 4095 1130 4159 nostrorum)
1152 4109 1187 4142 au
1209 4040 1263 4144 offen
1280 4093 1391 4162 negotia
1473 4157 1477 4163 Ι

226 4161 312 4210 etwas
329 4156 432 4210 cinmal
449 4176 483 4234 zu
502 4157 604 4212 Stande
626 4159 783 4278 {ekmme'
828 4161 956 4226 publica,
979 4161 1028 4213 der
1043 4177 1085 4214 ree
1098 4159 1220 4225 publico.
1239 4191 1272 4199 —
1291 4161 1322 4213 ln
1340 4159 1391 4211 Be-

227 4239 275 4276 nes
307 4225 499 4292 nachtr'aghch
527 4241 629 4293 ungesc
650 4226 721 4279 ehen
747 4243 781 4278 zu
832 4227 898 4280 treff
921 4226 969 4280 des
994 4227 1164 4294 Oxymorons
1186 4228 1323 4296 nepotiano
1347 4241 1392 4294 pe-

226 4291 355 4356 maohen;
374 4293 435 4346 hier
452 4293 510 4344 also
529 4291 582 4344 den
594 4293 623 4345 in
635 4292 722 4360 Fulge
734 4293 780 4346 des
831 4301 898 4348 runt
916 4295 1034 4348 otiosis.
1053 4311 1087 4345 au
1105 4299 1119 4358 ἓ
1139 4299 1170 4346 16
1189 4296 1276 4348 otiosi.

227 4375 260 4411 au
292 4361 390 4426 ephten
416 4361 542 4413 iudicare
574 4359 780 4427 eingetretenen
865 4367 937 4427 §Si
968 4359 1066 4425 Serpit.
1104 4361 1130 4414 S.
1150 4378 1184 4413 zu
1202 4368 1216 4426 ξ
1235 4368 1275 4414 41.
