3036 4868
585 361 636 428 XI,
655 363 797 430 ets-xri,
814 367 856 416 41.
1259 363 1300 428 31

128 555 200 600 mus
228 544 278 598 aut
306 537 342 598 de
370 535 478 616 quibus
504 535 646 597 memoria
675 535 857 614 accepimus,
886 552 961 612 quos
989 536 1069 595 novit
1091 535 1145 596 vita
1169 551 1302 597 commu-

133 625 191 684 nis.
235 621 280 683 Ex
300 621 359 682 hoo
380 638 505 682 numero
528 620 615 680 nobis
638 619 771 699 exempla
794 621 937 681 sumenda
958 628 1041 696 sunt,
1065 627 1094 680 et
1115 636 1219 680 eorum
1235 619 1301 696 qui·

125 706 202 768 'dem
239 708 381 776 maxime,
418 706 469 784 qui
506 705 541 765 ad
574 707 750 784 sapientium
785 706 920 784 proxime
953 703 1105 765 accedunt
1160 700 1351 764 Videmus39

134 789 293 853 Aemilium
314 789 442 850 Luscino
461 789 637 850 familiarem
660 789 750 850 luisse
767 789 865 849 -sic
882 808 898 850 n
915 786 1049 867 patribus
1065 788 1234 866 accepimus
1248 819 1300 862 —-,

134 873 185 936 bis
203 893 261 936 una
285 872 439 952 consules,
463 872 592 949 collegas
613 874 645 933 in
668 891 809 947 censura;
832 882 894 935 tum
918 881 1035 934 etcum
1058 873 1094 932 iis
1117 881 1146 933 et
1167 873 1245 933 inter
1268 890 1301 934 sc

127 960 397 1020 coniunctissimos
420 959 510 1020 luisse
525 958 573 1018 Μ’.
589 958 725 1034 Curium,
748 958 793 1018 Ti.
810 958 1029 1020 Coruncanium
1052 959 1213 1017 memoriae
1230 973 1301 1034 pro·

128 1043 230 1104 ditum
253 1051 306 1104 est.
349 1043 443 1120 igitur
465 1059 503 1104 ne
524 1043 669 1120 suspicari
689 1041 807 1122 quidem
828 1058 985 1119 possumus
1000 1058 1178 1119 quemquam
1193 1040 1301 1100 borum

134 1127 172 1190 ab
207 1125 301 1188 amico
336 1129 487 1207 quippiam
519 1127 722 1204 contendisse,
756 1126 834 1204 quod
862 1135 964 1186 contra
992 1125 1095 1195 fidem,
1130 1135 1232 1186 contra
1256 1126 1302 1187 ius

134 1211 310 1282 iurandum,
334 1221 436 1272 contra
459 1228 523 1271 rem
546 1209 696 1290 publicam
720 1219 806 1278 esset.
850 1209 924 1271 Nam
939 1210 997 1271 hoo
1012 1209 1130 1287 quidem
1146 1211 1176 1269 iu
1192 1207 1301 1270 talibus

135 1297 207 1357 viris
234 1295 304 1376 qnid
327 1297 432 1357 attinet
453 1296 567 1368 dicere,
596 1297 621 1356 si
643 1295 843 1356 contendisset
865 1296 1093 1372 impetraturum
1116 1311 1176 1354 uon
1199 1295 1300 1364 luisse,

135 1398 204 1441 oum
226 1380 270 1441 illi
292 1381 471 1441 sanctissimi
492 1380 547 1438 viri
569 1378 693 1456 inerint,
717 1397 810 1456 aeque
832 1387 930 1440 autem
953 1379 1037 1439 neias
1058 1379 1096 1439 sit
1116 1377 1175 1439 talc
1190 1376 1300 1456 aliquid

136 1471 165 1526 et
189 1465 290 1526 iacere
312 1471 448 1541 rogatum
472 1472 502 1525 et
523 1464 649 1541 rogare?
691 1465 727 1526 ht
749 1481 818 1525 vero
840 1464 884 1524 Τί.
909 1463 1076 1525 Gracchum
1098 1461 1301 1544 sequebantur

134 1549 167 1614 C.
195 1548 305 1627 Carbo,
335 1549 367 1613 C.
396 1549 482 1618 Cato,
517 1556 546 1609 et
573 1549 695 1609 minime
722 1557 783 1608 tum
813 1548 931 1626 quidem
959 1549 1049 1610 Gaius
1077 1548 1185 1622 irater,
1221 1564 1301 1606 nunc

134 1632 213 1694 idem
236 1634 408 1695 acerrimus.

173 1791 175 1796 Ι
219 1716 281 1777 llll.
325 1717 406 1778 Haec
428 1717 518 1793 igitur
541 1715 587 1777 lea
611 1719 641 1777 in
664 1717 790 1778 amicitia
814 1718 979 1784 sanciatur,
1002 1723 1034 1775 ut
1049 1731 1146 1794 neque
1160 1729 1300 1792 rogemus
1309 1711 1352 1772 40

136 1819 186 1862 res
207 1809 311 1881 turpes
333 1818 390 1862 nec
412 1801 555 1862 iaciamus
575 1803 682 1878 rogati.
725 1801 834 1879 Turpis
857 1802 935 1861 enim
958 1801 1108 1860 excusatio
1131 1806 1177 1860 est
1199 1806 1229 1860 et
1245 1800 1300 1858 mi·

17 1887 21 1894 ’
134 1887 216 1946 nime
244 1884 417 1964 accipienda
445 1903 511 1947 cum
534 1887 565 1946 in
589 1887 698 1948 ceteris
719 1887 864 1963 peccatis,
888 1895 955 1945 tum
979 1886 1004 1945 si
1025 1885 1092 1964 quis
1110 1891 1213 1944 contra
1236 1900 1301 1945 rem

136 1969 287 2048 publicam
314 1987 347 2030 se
369 1971 459 2031 amici
481 1987 567 2030 causa
590 1969 696 2032 iecisse
718 1969 854 2032 fateatur.
898 1968 1014 2030 Etenim
1039 1987 1074 2030 eo
1096 1967 1177 2038 loco,
1206 1966 1302 2027 Fanni

30 2117 34 2126 ,
134 2059 166 2115 et
180 2051 337 2123 Scaevola,
361 2051 449 2114 locati
471 2070 587 2122 sumus,
610 2060 644 2113 ut
665 2072 722 2114 nos
742 2053 830 2129 longe
845 2055 1019 2134 prospicere
1034 2059 1170 2131 oporteat
1184 2051 1300 2111 iuturos

133 2156 222 2200 casus
250 2139 295 2198 rei
323 2136 469 2216 publicae.
512 2137 637 2199 Deilexit
663 2139 720 2199 iam
750 2139 933 2219 aliquantum
958 2137 1112 2217 despatio
1135 2133 1301 2196 curriculo·

134 2239 194 2300 que
217 2222 401 2284 consuetudo
423 2224 578 2285 maiorum.
623 2223 668 2285 Ti.
692 2223 844 2284 Gracchus
866 2239 991 2299 regnum
1014 2237 1162 2299 occupare
1178 2218 1349 2282 conatusil

135 2319 196 2378 ost,
219 2305 264 2367 vel
285 2308 419 2383 regnavit
439 2308 465 2367 is
481 2307 600 2385 quidem
614 2323 726 2385 paucos
741 2325 870 2369 menses.
914 2305 1077 2384 Numquid
1094 2303 1191 2366 simile
1205 2321 1300 2385 popu·

135 2535 203 2606 dige
230 2535 413 2616 Yomlellung
440 2536 492 2591 hui
520 2539 566 2605 (de
595 2539 694 2606 ombus
745 2545 791 2594 96:
809 2539 866 2608 vgl
884 2537 1008 2606 Lange,
1026 2537 1106 2639 lilim.
1124 2536 1244 2590 Alterth
1262 2537 1300 2604 1²,

135 2608 549 2750 ommgcgbpuggressom
557 2671 615 2740 vgl.
623 2671 692 2753 Gaio
744 2613 862 2729 {huffe}
874 2605 1161 2750 ugbhbvelrobtiltle’ingr
1172 2607 1301 2741 mog

134 2739 399 2807 borGell.11,2,26
416 2740 509 2810 Atque
520 2755 567 2810 epo
575 2757 597 2810 p
608 2755 694 2795 moco-
743 2741 876 2808 bedrohi,
901 2740 988 2794 nahm
1009 2757 1040 2794 er
1064 2740 1123 2794 cuch
1140 2756 1165 2798 a.
1185 2746 1234 2795 119
1252 2739 1301 2794 dus

130 2809 212 2886 mbos
229 2809 360 2862 ocemorc'c
377 2809 417 2864 sic
433 2807 535 2876 occepi.
570 2808 692 2863 Ahnlioh
743 2809 843 2864 Lobeu.
856 2807 1300 2876 -VongeringererBedcutung

136 2874 191 2934 Oto.
204 2874 238 2928 de
256 2875 328 2928 deor.
341 2877 398 2929 nub
417 2881 442 2943 2,
460 2881 501 2943 tr,
519 2881 552 2932 95
570 2877 693 2944 occipere
744 2893 802 2930 war
818 2877 847 2932 0.
859 2877 979 2930 Porcios
993 2875 1070 2941 Octo,
1088 2873 1134 2928 ein
1145 2874 1234 2928 Eukel
1252 2874 1300 2929 des

133 2943 214 3012 forna
232 2947 257 2996 et
274 2942 425 2998 auditione.
743 2943 811 2998 Cato
834 2943 993 3010 Censorius,
1019 2958 1043 2996 a.
1063 2949 1113 2996 114
1138 2939 1248 2996 Consul.
1266 2971 1300 2982 —-

169 3010 218 3064 Eoo
239 3009 288 3064 boo
308 3025 430 3065 nmoero.
466 3009 494 3068 S.
513 3027 548 3064 zu
564 3015 580 3076 ς
598 3017 614 3066 3
633 3027 692 3066 eum
742 3011 823 3066 Diese
840 3010 940 3064 beiden
957 3009 1054 3065 bilden
1072 3010 1136 3064 dem
1149 3009 1250 3063 darauf
1259 3025 1300 3063 er·

133 3078 306 3134 beonnam.
742 3079 874 3133 wdhnhen
891 3077 1020 3132 Bruder
1043 3079 1091 3132 des
1109 3075 1236 3131 Tiberius
1254 3093 1302 3147 ge·

169 3151 248 3212 539.
286 3143 437 3200 doctrinm
457 3174 492 3186 -
513 3146 637 3201 Luscino
658 3175 692 3188 -··
742 3145 1073 3218 gondibereineEinbei13
1086 3144 1222 3208 dehepiol
1267 3151 1301 3201 cd.

137 3211 301 3268 ovntom-
315 3211 429 3268 onoma.
461 3211 488 3266 S.
500 3213 572 3268 oben
583 3219 690 3280 cu§18.
775 3215 943 3270 minime-
960 3215 1125 3278 acerimum
1148 3229 1180 3266 su
1200 3229 1219 3280 p
1243 3228 1298 3267 ere:

170 3297 189 3333 o
202 3279 340 3347 patrebus.
375 3279 402 3334 S.
421 3298 455 3333 cu
472 3286 497 3343 2,
516 3285 540 3335 6.
742 3283 989 3351 sequebatur-se
1007 3281 1095 3336 niteo.
1126 3280 1154 3334 O.
1186 3280 1301 3333 rocchus

170 3347 266 3415 [pitter
292 3345 368 3400 steht
396 3346 444 3401 bei
472 3346 577 3401 Sallust
606 3364 635 3402 re
656 3349 693 3401 el·
744 3366 802 3402 war
832 3348 940 3403 freilioh
969 3363 998 3402 sc
1019 3363 1055 3402 on
1080 3345 1126 3400 bei
1153 3345 1301 3401 Lebneiien

135 3413 242 3493 museig
265 3431 300 3466 zu
316 3413 375 3468 Anf
449 3413 498 3468 des
515 3413 621 3482 Sabzes3
668 3416 694 3468 ei
744 3415 833 3470 seinea
850 3415 967 3469 Broders
983 3414 1013 3468 in
1031 3415 1127 3468 descen
1144 3413 1231 3468 Plione
1248 3413 1301 3468 mit

136 3479 192 3536 (bc.
203 3480 348 3535 breweilen
359 3481 399 3536 im
429 3481 604 3551 yllogismus,
616 3483 694 3536 sonet
743 3483 975 3604 heremgrecogem
993 3482 1071 3536 battle
1084 3481 1218 3536 sichuber
1228 3483 1299 3537 nach

137 3548 201 3602 sehr
218 3548 313 3604 selben.
744 3551 841 3604 deenen
872 3549 1298 3620 odeanfungszuriickgebulhem

168 3632 205 3738 Ἄρ
221 3617 359 3738 εωρὶἓανί
370 3616 480 3686 omnem
487 3633 642 3688 possumus,
659 3649 693 3659 —
744 3619 953 3700 gewoltsemere
970 3619 1059 3688 Wege
1082 3619 1181 3696 schiug
1198 3634 1228 3671 er
1240 3619 1301 3695 ‘ersi

135 3699 470 3818 ”⁶ol'biihilbeo
494 3770 552 3806 ea
573 3753 622 3808 a,
647 3755 692 3808 n.
742 3686 970 3824 &sibiliam
987 3686 1190 3742 acumem
1208 3700 1300 3739 'mm‘

135 3817 300 3870 deutendshe
328 3819 411 3872 under
438 3819 493 3872 den
523 3820 623 3873 Anhbn
644 3836 693 3874 ern
777 3827 852 3888 540.
869 3824 955 3892 lortpc,
968 3817 1300 3874 rhumlioh=weithim

133 3884 186 3938 des
204 3883 246 3937 Ti.
265 3884 411 3943 Gracchus.
453 3885 517 3955 Vgl.
536 3887 607 3940 euch
619 3836 692 3941 §inl
778 3891 889 3958 deflexit
897 3887 1078 3952 conmandu-
1090 3901 1131 3963 we
1152 3901 1187 3939 en
1196 3884 1245 3939 der
1271 3903 1300 3941 ο-

135 3957 152 4020 ἕ
176 3957 191 4006 7
213 3967 237 4006 n.
260 3951 300 4020 Ε).
336 3951 385 4004 Ale
404 3888 509 4006 Trioun
532 3954 642 4008 machbe
664 3972 693 4010 er
743 3954 1084 4020 libisohenGoncessiooen,
1094 3901 1244 4007 widonen
1274 3953 1298 4008 'e

135 4035 187 4139 3,ὲὸ
191 4025 240 4075 130
266 4018 320 4097 den
346 4019 540 4100 vergebliehen
561 4021 693 4090 Versucb,
745 4022 933 4104 Senubspnrtei
948 4022 1028 4102 'jecut
1048 4021 1194 4142 befionnen
1211 4021 1298 4100 heile.

203 4086 335 4141 Plebrsorh
350 4088 395 4142 Ne
416 4104 479 4156 quta
500 4091 615 4144 eundem
635 4107 693 4146 mo·
777 4091 1074 4158 matcocmrccnloqce.
1104 4089 1299 4143 rsberemsbdae

16 4182 19 4192 ν
137 4154 285 4291 &matum
298 4156 374 4209 intro
387 4156 694 4224 deceoomwecoperer
744 4174 831 4226 ganzo
855 4157 969 4212 Terrain
990 4157 1088 4226 (eeiner
1109 4156 1299 4224 Ausdebnung

170 4239 208 4276 av.
226 4227 250 4286 7,
266 4228 308 4286 tu,
326 4227 352 4291 2)
370 4223 457 4277 durch
474 4223 528 4278 den
539 4240 629 4279 neuen
641 4226 693 4280 Ge·
744 4226 840 4295 nach);
868 4226 917 4279 dos
944 4224 1046 4279 Zweihe
1067 4225 1112 4278 die
1137 4223 1298 4278 bestimmbe

137 4289 370 4358 eetzesvorsehlog
399 4291 435 4346 Ut
464 4293 580 4347 eumdem
605 4294 691 4347 tribu·
743 4293 1050 4348 Bnhncufdemselben
1063 4291 1292 4362 (ibrerRichtunp

136 4372 204 4412 oum
216 4357 292 4434 plebi
310 4359 433 4426 quotiens
450 4361 528 4415 uellet
546 4377 638 4416 oreore
659 4361 692 4415 h·-
743 4361 834 4430 nach).

133 4430 207 4480 cerel
233 4425 302 4494 (btv.
323 4440 380 4495 per.
406 4431 451 4493 593
479 4426 532 4482 Cio.
550 4428 624 4482 Lael.
649 4434 691 4496 25,
776 4435 850 4497 §41-
867 4431 1000 4499 repondit,
1031 4429 1064 4482 In
1075 4427 1179 4482 Beireff
1192 4427 1242 4482 der
1253 4444 1276 4496 g<
