3036 4868
595 350 826 420 xrume--xm,
844 358 886 408 aa.
1273 353 1316 420 35

145 545 222 589 cura
244 545 294 588 res
316 525 373 587 sibi
397 526 561 586 contrarias
583 532 759 603 aspernetur
782 533 870 605 atque
892 525 1004 599 oderit,
1036 531 1070 585 ut
1090 523 1207 586 bonitas
1230 523 1314 586 mali·

147 613 235 681 tiam,
270 611 466 689 temperantia
500 608 669 686 libidinem,
702 611 847 687 ignaviam
881 609 1033 670 fortitudo.
1079 608 1182 686 ltaque
1213 609 1314 670 videas

147 694 239 757 rebus
267 695 384 754 iniustis
412 696 506 754 iustos
536 694 663 755 maxime
686 692 802 764 dolere,
830 691 1001 754 imbellibus
1024 692 1130 762 fortes,
1160 692 1314 770 flagitiosis

146 779 309 844 modestos.
353 777 432 857 Ergo
455 778 512 838 hoc
534 779 689 856 proprium
714 786 757 838 est
779 777 871 836 animi
893 777 970 839 bene
987 779 1148 846 constituti,
1166 785 1194 838 et
1209 777 1314 840 laetari

146 863 235 925 bonis
257 862 348 924 rebus
372 871 401 923 et
423 861 525 923 dolere
547 863 714 926 contrariis.
760 859 853 929 Quam
876 861 913 921 ob
936 879 1001 922 rem
1016 862 1042 922 si
1058 861 1135 921 cadit
1149 862 1179 920 in
1196 855 1364 940 sapien-48

146 953 207 1009 tem
229 948 318 1008 animi
342 946 428 1006 dolor
449 979 491 992 -
513 947 564 1022 qui
586 945 721 1024 prolecto
745 945 836 1012 cadit.
859 946 916 1006 nisi
939 964 975 1006 ex
998 947 1062 1006 eius
1085 945 1184 1006 animo
1207 947 1312 1006 exstir-

146 1039 246 1110 patam
268 1031 480 1091 humanitatem
507 1029 687 1091 arbitramur
710 1064 765 1098 -,
794 1046 869 1106 quae
899 1047 985 1090 causa
1009 1037 1054 1090 est
1075 1047 1129 1089 cur
1152 1031 1311 1092 amicitiam

145 1115 280 1176 funditus
315 1111 452 1175 tollamus
486 1133 502 1175 e
535 1115 605 1186 vita,
641 1132 679 1176 ne
713 1111 827 1192 aliquas
860 1123 984 1192 propter
1020 1131 1084 1174 eam
1112 1114 1312 1194 suscipiamus

145 1198 316 1260 molestias?
346 1197 423 1268 Quid
445 1200 524 1259 enim
547 1199 672 1260 interest
693 1209 774 1258 motu
797 1197 889 1258 animi
911 1196 1036 1267 sublato,
1060 1214 1120 1258 non
1144 1197 1211 1258 dico
1233 1199 1312 1258 inter

145 1283 291 1362 pecudem
322 1290 351 1344 et
379 1281 545 1353 hominem,
575 1282 627 1350 sed
650 1284 728 1342 inter
751 1281 901 1343 hominem
926 1291 954 1342 et
975 1290 1114 1343 truncum
1137 1290 1188 1342 aut
1209 1300 1313 1343 saxum

143 1376 197 1429 aut
220 1367 333 1447 quidvis
356 1369 476 1443 generis
502 1366 652 1428 eiusdem?
695 1365 797 1444 Neque
821 1368 900 1428 enim
923 1375 990 1427 sunt
1011 1368 1061 1427 isti
1082 1364 1238 1440 audiendi,
1262 1367 1313 1443 qul

145 1451 285 1514 virtutem
308 1451 413 1513 duram
430 1459 459 1511 et
474 1452 557 1529 quasi
573 1451 701 1512 ferream
718 1469 782 1511 esse
798 1451 945 1531 quandam
962 1450 1077 1518 volunt;
1102 1467 1180 1527 quae
1192 1450 1313 1526 quidem

146 1545 191 1597 est
219 1553 285 1596 enm
315 1534 413 1596 multis
442 1537 473 1594 in
501 1534 592 1597 rebus
615 1544 676 1596 tum
698 1535 728 1593 in
752 1536 880 1596 amicitia
903 1542 1006 1596 tenera
1028 1543 1116 1614 atque
1138 1533 1311 1606 tractabilis,

146 1627 180 1680 ut
213 1629 242 1681 et
274 1619 361 1680 bonis
389 1620 476 1680 amici
504 1620 588 1697 quasi
616 1618 796 1680 diliundatur
826 1629 855 1680 et
882 1618 1080 1681 incommodis
1109 1617 1310 1678 contrahatur.

144 1700 239 1771 Quam
263 1703 389 1764 obrem
411 1720 504 1780 angor
526 1705 597 1772 iste,
620 1705 670 1781 qui
693 1720 748 1781 pro
772 1693 866 1765 dmico
888 1721 978 1783 saepe
994 1702 1157 1780 capiendus
1173 1709 1226 1773 est,
1249 1718 1310 1762 non

144 1794 260 1849 tantum
282 1787 367 1858 valet,
391 1795 424 1847 ut
445 1787 529 1848 tollat
551 1807 567 1848 e
589 1788 644 1847 vita
668 1788 838 1856 amicitiam,
862 1804 921 1848 non
945 1786 1012 1865 plus
1028 1803 1116 1864 quam
1131 1793 1164 1846 ut
1175 1787 1310 1863 virtutes,

143 1872 213 1948 quia
236 1888 296 1932 uon
321 1870 418 1933 nullas
442 1889 529 1932 curas
552 1878 581 1932 et
603 1872 753 1932 molestias
776 1871 918 1941 afferunt,
941 1871 1147 1949 repudientur.

229 1955 303 2016 lllV.
333 1955 406 2016 Cum
428 1962 525 2016 autem
549 1954 704 2015 contrabat
726 1956 901 2024 amicitiam,
932 1963 1074 2033 utsupra
1098 1953 1175 2029 diri,
1205 1954 1229 2014 si
1254 1970 1311 2031 qua
1369 1955 1385 1963 “’

143 2039 321 2115 significatio
345 2041 458 2100 virtutis
482 2038 611 2110 eluceat,
639 2037 674 2100 ad
697 2057 785 2119 quarn
808 2059 840 2100 se
862 2039 967 2099 similis
990 2039 1107 2099 animus
1130 2038 1259 2116 applicet
1281 2045 1311 2098 et

145 2123 302 2200 adiungat:
325 2123 354 2184 id
379 2141 446 2185 cum
470 2124 608 2200 contigit,
632 2141 716 2184 amor
739 2125 888 2185 exoriatur
905 2141 1027 2183 necesse
1044 2131 1098 2183 est.
1138 2119 1214 2190 Quid
1230 2116 1361 2183 enimdil

143 2213 203 2268 tam
233 2207 394 2268 absurdum
424 2226 511 2287 quam
542 2207 681 2268 delectari
710 2207 811 2268 multis
834 2206 971 2268 inanibus
994 2205 1101 2275 rebus,
1129 2211 1163 2266 ut
1184 2205 1309 2276 honore,

178 2438 333 2492 bonitas—
347 2438 492 2504 fortitudo.
520 2435 702 2491 BeiAufzi'ah-
754 2437 818 2518 Vgl.
843 2445 886 2502 14,
905 2442 946 2495 50.
982 2436 1222 2506 (Nagelsbaeh,
1248 2437 1309 2497 Lab,

143 2504 213 2572 lung
235 2522 292 2560 von
314 2505 373 2558 drei
391 2505 497 2558 Peeren
518 2505 617 2558 ordneb
638 2520 703 2557 man
753 2504 851 2560 subsc.
870 2511 884 2570 5
904 2511 945 2570 50,
963 2512 986 2571 ὅ,
1009 2521 1042 2557 su
1082 2503 1148 2556 liert
1164 2505 1269 2558 amicae
1286 2527 1312 2556 =

165 2587 213 2625 ern
233 2571 301 2626 zuei
319 2571 476 2630 chiestisoh,
490 2602 521 2611 —
534 2571 642 2649 Wegen
655 2571 704 2625 der
753 2575 864 2627 animas
876 2574 969 2649 amici·
977 2572 1018 2624 als
1031 2521 1163 2639 Slbqr‘eob.)
1172 2602 1206 2611 -
1217 2569 1311 2626 Durch

144 2588 315 2706 {legeceastre
338 2639 422 2694 solbet
443 2639 499 2706 vgl,
527 2637 580 2693 Cre,
600 2638 657 2697 Cat.
678 2646 702 2705 2,
753 2640 798 2694 die
810 2640 916 2694 Frende
938 2641 1003 2693 wrrd
1021 2639 1070 2692 das
1109 2654 1153 2723 epe
1172 2645 1312 2707 gewisser-

144 2712 184 2772 11,
204 2712 245 2761 25.
753 2724 861 2761 mersen
879 2706 1018 2761 erweitert
1036 2708 1204 2775 (ὃιαχειται),
1223 2705 1310 2760 durch

177 2774 288 2842 Itaque.
324 2773 376 2828 Die
403 2772 571 2842 eigenbliehe
597 2773 703 2840 Heupb
754 2775 799 2829 die
818 2775 903 2842 Serge
921 2774 1024 2842 beengt
1041 2774 1250 2842 (certatorem).

142 2839 293 2909 folgerung
309 2841 418 2896 kommb
436 2841 491 2894 ereb
507 2840 629 2894 nechher
650 2840 704 2893 mib
786 2858 842 2896 noa
851 2844 918 2909 pluo
931 2859 1013 2909 qaam
1025 2849 1056 2896 al
1067 2843 1310 2910 -repada'eaturr

144 2907 231 2976 Erpa.
753 2909 953 2976 Breviloquenz
971 2909 1017 2961 fiir
1034 2926 1091 2964 aaa
1103 2911 1170 2978 plue
1188 2909 1311 2979 (ehenso-

173 2975 318 3055 modestos.
352 2972 405 3028 Die
427 2975 559 3029 modestia
582 2977 702 3043 (σωφρο-
753 2975 856 3045 menig)
875 2993 957 3045 qaam
974 2977 1090 3042 multae,
1109 2994 1179 3046 qaas
1195 2979 1311 3034 admotas

143 3045 226 3110 cova)
241 3042 344 3096 beruht
357 3042 404 3095 aui
418 3042 466 3096 der
481 3041 703 3098 sitilichenAch-
753 3046 884 3112 afferunt,
902 3060 986 3100 carae
1003 3050 1028 3098 et
1044 3047 1183 3100 molestiae
1201 3050 1311 3100 maram

144 3111 216 3178 hung
234 3126 285 3164 vor
303 3109 367 3162 dem
384 3109 497 3163 rechten
514 3110 610 3165 Messe.
752 3113 895 3179 calcatur
906 3113 983 3179 ipsae
995 3127 1025 3166 re
1045 3113 1311 3168 radicataroirtates.

176 3183 254 3243 §db
283 3177 579 3246 aliquao,niohtquas‚
597 3179 705 3232 umens
786 3179 840 3233 Mic
857 3179 921 3233 dem
940 3185 980 3233 14.
1028 3179 1141 3249 epitel
1159 3180 1228 3248 geht
1244 3178 1311 3233 Lae·

142 3243 186 3298 die
205 3242 349 3322 wirlrliche
367 3242 496 3320 Exislenz
519 3245 626 3299 soloher
647 3262 702 3300 mo·
753 3245 807 3300 lius
830 3264 888 3300 nun
910 3263 958 3299 zur
980 3246 1185 3326 Widerlegung
1209 3247 1259 3300 der
1281 3246 1311 3300 in

143 3309 661 3367 lectiaebesbrmmberhmzudeuien.V
680 3313 700 3368 1.
752 3318 767 3377 9
794 3320 828 3368 46
857 3313 953 3367 nieder
973 3313 1083 3381 elegten
1113 3313 1232 3367 Anarchb
1262 3313 1312 3368 der

144 3385 168 3445 8,
186 3385 219 3433 27
237 3380 262 3432 sa'
280 3379 409 3447 aliquem.
753 3380 912 3434 Hedonilrer
933 3329 1013 3446 iiber,
1040 3380 1134 3434 indem
1161 3398 1191 3435 er
1212 3381 1315 3436 darauf

172 3447 306 3514 pecudem
328 3445 405 3512 (oder
427 3447 547 3511 beluam,
571 3447 701 3514 bestiam),
753 3447 896 3512 hinweisb‚
920 3447 973 3500 wie
993 3447 1023 3500 in
1045 3447 1094 3501 der
1110 3447 1311 3503 Freundsehelb

142 3512 701 3582 vernunftloe3truncam(odersta'pa'tem)‚
754 3515 803 3568 das
826 3514 929 3569 Gelfihl
953 3514 1001 3568 der
1017 3515 1101 3569 Liebe
1126 3532 1162 3568 an
1184 3516 1242 3569 sich
1264 3533 1311 3570 nau

141 3580 301 3701 eefiihllom
319 3597 428 3646 samum,
445 3583 516 3634 sbarr
533 3581 590 3633 und
606 3582 701 3637 leblos,
754 3581 856 3635 aurlich
882 3582 939 3635 und
966 3582 1127 3651 nobwendig
1149 3583 1188 3637 sei
1213 3588 1253 3651 (ἓξ
1271 3591 1310 3644 ,49

163 3647 207 3769 Ji.
232 3647 287 3705 Cic.
310 3648 387 3702 Verr.
407 3655 436 3714 b,
455 3654 501 3713 67,
521 3655 568 3702 171
593 3649 625 3703 Sa'
646 3666 702 3704 acore
752 3650 868 3719 und50)‚
876 3649 929 3704 wie
939 3650 1310 3704 esseinerseibsderFreund·

142 3731 160 3769 o
198 3717 331 3781 homines,
353 3732 447 3769 oerum
464 3719 501 3769 ad
520 3717 632 3782 bestias,
651 3724 702 3773 aad
753 3718 844 3772 scheid
873 3720 929 3771 ereb
954 3718 1068 3772 wahren
1094 3717 1161 3770 Reiz
1186 3716 1310 3774 verleihe

144 3784 240 3847 adana,
258 3788 289 3836 at
308 3783 416 3860 loupiac
428 3784 610 3860 progrediar,
628 3787 652 3838 εί
670 3786 702 3838 r'a
754 3790 778 3852 (ξ
797 3789 852 3854 51),
876 3785 920 3839 ein
938 3785 1098 3839 liebeleeres
1116 3785 1208 3838 Lehen
1226 3785 1309 3852 dege·

142 3849 241 3918 aliqua
271 3850 455 3902 desertasaama
483 3851 632 3904 solatada‘ac
662 3852 701 3906 ad
752 3870 804 3920 gen
832 3853 883 3906 dde
910 3853 967 3905 und
993 3853 1106 3906 trostlos
1133 3851 1192 3905 sein
1218 3857 1309 3908 miisse

141 3933 213 3971 ecca
223 3921 248 3971 et
257 3916 379 3983 scopulos
387 3916 452 3969 haec
462 3919 591 3983 conqueri
599 3919 701 3984 uellem,
752 3921 832 3988 (Kap.
854 3921 904 3986 lb).

143 3989 235 4038 tamea
253 3984 346 4037 omnia
368 3989 447 4036 mata
469 3989 552 4052 atque
573 3986 700 4040 inanima
763 3993 817 4054 ,at
833 4003 920 4054 stupra
938 3987 1015 4050 alat,
1033 3985 1156 4038 niimlioh
1174 3994 1198 4053 9,
1217 3993 1257 4041 32.
1276 4018 1310 4029 -

142 4056 400 4128 commovereatam
751 4042 825 4108 Uber
848 4054 901 4106 den
920 4052 1063 4106 Ausdrucls
1082 4070 1169 4120 stupra
1193 4071 1213 4108 s.
1239 4055 1309 4109 oben

177 4119 238 4183 asti,
269 4118 313 4172 die
344 4117 466 4182 starker,
500 4134 595 4187 wegen
624 4120 700 4174 ihrer
750 4138 784 4174 zu
802 4127 826 4186 4,
846 4127 885 4175 15.

144 4183 263 4238 Theorie
281 4185 329 4238 der
346 4183 485 4241 ἀπάθεια.
541 4251 546 4263 .
784 4194 849 4254 §49-
868 4188 1131 4244 othmare-calta
1140 4189 1312 4256 corpoream

177 4254 258 4321 quasi
275 4253 461 4320 diffundatur.
480 4253 700 4321 Sthectistoa'r-
750 4255 942 4324 absteigender
972 4257 1107 4324 Ordnung
1132 4257 1182 4309 her
1203 4256 1309 4324 ezbhlb;

142 4325 202 4386 das,
220 4319 338 4374 welches
356 4320 557 4391 metonymisch
576 4321 622 4374 fiir
639 4324 699 4375 ami·
750 4341 798 4376 um
821 4339 850 4376 so
872 4323 1120 4378 naehdrr'ichlicher
1145 4273 1209 4376 trib
1235 4325 1310 4379 donn

143 4402 204 4442 mus
220 4390 323 4443 armate
336 4391 484 4456 praeditas
501 4392 551 4458 (14,
561 4392 605 4459 49)
615 4389 698 4448 steht,
751 4392 893 4445 animante
903 4394 1004 4459 (masa,
1013 4391 1077 4446 weil
1087 4408 1152 4445 vom
1161 4391 1309 4450 Menschen

1106 4475 1144 4529 3¹1¹
